<record><leader>00000cas a2200000 a 4500</leader><controlfield tag="001">12770481</controlfield><controlfield tag="008">851107c18739999ksucr ne      0    0eng d</controlfield><datafield ind1=" " ind2=" " tag="010"><subfield code="a">sn 85032877 </subfield></datafield><datafield ind1=" " ind2=" " tag="040"><subfield code="a">KSH</subfield><subfield code="b">eng</subfield><subfield code="c">KSH</subfield><subfield code="d">NPT</subfield><subfield code="d">NPX</subfield><subfield code="d">OCL</subfield><subfield code="d">OCLCQ</subfield></datafield><datafield ind1=" " ind2=" " tag="042"><subfield code="a">msc</subfield></datafield><datafield ind1="0" ind2="0" tag="245"><subfield code="a">Wilson County citizen.</subfield></datafield><datafield ind1=" " ind2=" " tag="260"><subfield code="a">Fredonia, Kan. :</subfield><subfield code="b">Jno. S. Gilmore,</subfield><subfield code="c">1873-</subfield></datafield><datafield ind1=" " ind2=" " tag="300"><subfield code="a">v. :</subfield><subfield code="b">ill. ;</subfield><subfield code="c">57-71 cm.</subfield></datafield><datafield ind1=" " ind2=" " tag="310"><subfield code="a">Semiweekly,</subfield><subfield code="b">Oct. 5, 1920-</subfield></datafield><datafield ind1=" " ind2=" " tag="321"><subfield code="a">Weekly,</subfield><subfield code="b">June 6, 1873-Oct. 1, 1920</subfield></datafield><datafield ind1="0" ind2=" " tag="362"><subfield code="a">Vol. 3, no. 27 (June 6, 1873)-</subfield></datafield><datafield ind1=" " ind2=" " tag="500"><subfield code="a">Editor: J.S. Gilmore, &lt;1876&gt;.</subfield></datafield><datafield ind1=" " ind2=" " tag="580"><subfield code="a">Daily ed.: Fredonia daily citizen.</subfield></datafield><datafield ind1=" " ind2=" " tag="752"><subfield code="a">United States</subfield><subfield code="b">Kansas</subfield><subfield code="c">Wilson</subfield><subfield code="d">Fredonia.</subfield></datafield><datafield ind1="1" ind2=" " tag="775"><subfield code="t">Fredonia daily citizen</subfield><subfield code="w">(DLC)sn 85032885</subfield></datafield><datafield ind1="0" ind2="0" tag="780"><subfield code="t">Neodesha citizen</subfield><subfield code="w">(DLC)sn 85032902</subfield></datafield><datafield ind1="0" ind2="5" tag="780"><subfield code="t">Fredonia chronicle</subfield><subfield code="g">Nov. 16, 1888</subfield><subfield code="w">(DLC)sn 85032884</subfield></datafield><datafield ind1="0" ind2="5" tag="780"><subfield code="t">Fredonia daily citizen</subfield><subfield code="g">Apr. 28, 1923</subfield><subfield code="w">(DLC)sn 85032885</subfield></datafield><datafield ind1="1" ind2=" " tag="029"><subfield code="a">AU@</subfield><subfield code="b">000022167517</subfield></datafield></record>